<record><leader>00000cas a22000007a 4500</leader><controlfield tag="001">26987676</controlfield><controlfield tag="008">921117d19561961scuwr ne      0    0eng d</controlfield><datafield ind1=" " ind2=" " tag="010"><subfield code="a">sn 92065689 </subfield></datafield><datafield ind1=" " ind2=" " tag="040"><subfield code="a">SVN</subfield><subfield code="b">eng</subfield><subfield code="c">SVN</subfield><subfield code="d">OCLCQ</subfield></datafield><datafield ind1=" " ind2=" " tag="042"><subfield code="a">msc</subfield></datafield><datafield ind1="0" ind2="4" tag="245"><subfield code="a">The Myrtle Beach sun and the ocean beach news.</subfield></datafield><datafield ind1=" " ind2=" " tag="260"><subfield code="a">Myrtle Beach, S.C. :</subfield><subfield code="b">Atlantic Pub. Co.</subfield></datafield><datafield ind1=" " ind2=" " tag="300"><subfield code="a">v.</subfield></datafield><datafield ind1=" " ind2=" " tag="310"><subfield code="a">Weekly</subfield></datafield><datafield ind1="0" ind2=" " tag="362"><subfield code="a">Vol. 6, no. 28 (Jan. 4, 1956) - v. 12, no. 8 (Aug. 9, 1961).</subfield></datafield><datafield ind1=" " ind2="4" tag="651"><subfield code="a">Horry County (S.C.)</subfield><subfield code="v">Newspapers.</subfield></datafield><datafield ind1=" " ind2=" " tag="752"><subfield code="a">United States</subfield><subfield code="b">South Carolina</subfield><subfield code="c">Horry</subfield><subfield code="d">Myrtle Beach.</subfield></datafield><datafield ind1="0" ind2="4" tag="780"><subfield code="t">Myrtle Beach sun</subfield><subfield code="w">(DLC)sn 92065677</subfield></datafield><datafield ind1="0" ind2="4" tag="780"><subfield code="t">Ocean beach news</subfield></datafield><datafield ind1="0" ind2="7" tag="785"><subfield code="t">Myrtle Beach news (Myrtle Beach, S.C. : 1956)</subfield><subfield code="w">(DLC)sn 92065731</subfield></datafield><datafield ind1="0" ind2="7" tag="785"><subfield code="t">Sun-news (Myrtle Beach, S.C.)</subfield><subfield code="w">(DLC)sn 92065709</subfield></datafield><datafield ind1="1" ind2=" " tag="029"><subfield code="a">AU@</subfield><subfield code="b">000020750808</subfield></datafield></record>